@phdthesis{smith1975pygmalion,
  author    = "Smith, David Canfield",
  title     = "Pygmalion: A creative programming environment.",
  year      = "1975",
  school    = "Stanford University"
}
@article{myers1986taxonomy,
  author    = "Myers, Brad A.",
  title     = "Visual programming, programming by example, and program visualization: a taxonomy.",
  journal   = "{ACM} {SIGCHI} Bulletin",
  volume    = "17",
  number    = "4",
  pages     = "59-66",
  year      = "1986"
}
@misc{victor2013future,
  author    = "Victor, Bret",
  title     = "The Future of Programming",
  year      = "2013",
  month     = "July",
  howpublished = "\url{http://vimeo.com/71278954}",
  note      = "[Online; accessed 11-April-2014]"
}
@article{nelson1985juno,
  author    = "Nelson, Greg",
  title     = "Juno, a constraint-based graphics system.",
  journal   = "{ACM} {SIGGRAPH} Computer Graphics",
  volume    = "19",
  number    = "3",
  pages     = "235-243",
  year      = "1985"
}
@inproceedings{sutherland1963sketchpad,
  author    = "Sutherland, Ivan E.",
  title     = "Sketchpad: A man-machine graphical communication system.",
  booktitle = "Proceedings of the May 21-23, 1963, spring joint computer conference",
  pages     = "329-346",
  year      = "1963"
}
@misc{victor2013unthinkable,
  author    = "Victor, Bret",
  title     = "Media for thinking the unthinkable",
  year      = "2013",
  month     = "April",
  howpublished = "\url{http://vimeo.com/67076984}",
  note      = "[Online; accessed 11-April-2014]"
}
@misc{victor2013deadfish,
  author    = "Victor, Bret",
  title     = "Stop drawing dead fish",
  year      = "2013",
  month     = "April",
  howpublished = "\url{http://vimeo.com/64895205}",
  note      = "[Online; accessed 11-April-2014]"
}
@incollection{alberti2001objsa,
  author    = "Alberti, Maria Alberta and Evi, Paolo and Marini, Daniele",
  title     = "Modelling constrained geometric objects with {OBJSA} nets.",
  booktitle = "Concurrent object-oriented programming and petri nets",
  publisher = "Springer Berlin Heidelberg",
  pages     = "319-337",
  year      = "2001"
}
@incollection{derose1989coordinatefree,
  author    = "DeRose, Tony D.",
  title     = "A coordinate-free approach to geometric programming",
  booktitle = "Theory and practice of geometric modeling",
  publisher = "Springer Berlin Heidelberg",
  pages     = "291-305",
  year      = "1989"
}
@inproceedings{ibrahim1998graphpaste,
  author    = "Ibrahim, Bertrand",
  title     = "Optimizing cut-and-paste on directed graphs, with a user-controlled edge reconstruction strategy.",
  booktitle = "Visual Languages, 1998. Proceedings. 1998 IEEE Symposium on,",
  pages     = "90-91",
  year      = "1998"
}
@unpublished{pion2006lazy,
  author    = "Pion, Sylvain and Fabri, Andreas",
  title     = "A generic lazy evaluation scheme for exact geometric computations.",
  note      = "arXiv preprint cs/060863",
  year      = "2006"
}
@article{reiser2003programming,
  title={Programming in the geometric machine},
  author={Reiser, Renata HS and Costa, Ant{\^o}nio Carlos R and Dimuro, Gra{\c{c}}aliz P},
  journal={Frontiers in Artificial Intelligence and Its Applications, Amsterdam: IOS Press},
  volume={101},
  pages={95--102},
  year={2003}
}
@article{freixas2010constraint,
  title={A constraint-based dynamic geometry system},
  author={Freixas, Marc and Joan-Arinyo, Robert and Soto-Riera, Antoni},
  journal={Computer-Aided Design},
  volume={42},
  number={2},
  pages={151--161},
  year={2010},
  publisher={Elsevier}
}